@ARTICLE{grothendieck-theoremes-de-dualite,
  author = {Grothendieck, Alexander},
  title = {Th\'eor\`emes de dualit\'e pour les faisceaux alg\'ebriques coh\'erents,
	Expos\'e 149},
  journaltitle = {S\'eminaire Bourbaki},
  year = {1957},
  volume = {4},
  pages = {169--193},
  booktitle = {S\'eminaire Bourbaki}
}

@BOOK{eisenbud-commutative-algebra,
  author = {Eisenbud, David},
  title = {Commutative algebra with a view towards algebraic geometry},
  year = {1995},
  series = {Graduate Texts in Mathematics},
  number = {150},
  publisher = {Springer},
  pagetotal = {xvi+797}
}

@ARTICLE{bass-ubiquity-gorenstein-rings,
  author = {Bass, Hyman},
  title = {On the ubiquity of Gorenstein rings},
  journaltitle = {Mathematisches Zeitschrift},
  year = {1962},
  volume = {92},
  pages = {8--28}
}

@BOOK{hartshorne-residues-and-duality,
  author = {Hartshorne, Robin},
  title = {Residues and duality},
  year = {1966},
  series = {Lecture Notes in Mathematics},
  number = {20},
  publisher = {Springer-Verlag},
  pages = {423},
}

@BOOK{hartshorne-algebraic-geometry,
  author = {Hartshorne, Robin},
  title = {Algebraic geometry},
  year = {1977},
  series = {Graduate Texts in Mathematics},
  number = {52},
  publisher = {Springer},
  isbn = {978-0-387-90244-9},
  pages = {xvi+496},
}
